@article{antolik2018comprehensive,
  title={A comprehensive data-driven model of cat primary visual cortex},
  author={Antol{\'\i}k, J{\'a}n and Monier, Cyril and Fr{\'e}gnac, Yves and Davison, Andrew P},
  journal={BioRxiv},
  pages={416156},
  year={2018},
  publisher={Cold Spring Harbor Laboratory}
}

@article{zhang2020reconstruction,
  title={Reconstruction of natural visual scenes from neural spikes with deep neural networks},
  author={Zhang, Yichen and Jia, Shanshan and Zheng, Yajing and Yu, Zhaofei and Tian, Yonghong and Ma, Siwei and Huang, Tiejun and Liu, Jian K},
  journal={Neural Networks},
  volume={125},
  pages={19--30},
  year={2020},
  publisher={Elsevier}
}

@article{qiao2020biggan,
  title={BigGAN-based bayesian reconstruction of natural images from human brain activity},
  author={Qiao, Kai and Chen, Jian and Wang, Linyuan and Zhang, Chi and Tong, Li and Yan, Bin},
  journal={Neuroscience},
  volume={444},
  pages={92--105},
  year={2020},
  publisher={Elsevier}
}

@article{kim2021nonlinear,
  title={Nonlinear decoding of natural images from large-scale primate retinal ganglion recordings},
  author={Kim, Young Joon and Brackbill, Nora and Batty, Eleanor and Lee, JinHyung and Mitelut, Catalin and Tong, William and Chichilnisky, EJ and Paninski, Liam},
  journal={Neural Computation},
  volume={33},
  number={7},
  pages={1719--1750},
  year={2021},
  publisher={MIT Press}
}

@inproceedings{wang2018esrgan,
  title={Esrgan: Enhanced super-resolution generative adversarial networks},
  author={Wang, Xintao and Yu, Ke and Wu, Shixiang and Gu, Jinjin and Liu, Yihao and Dong, Chao and Qiao, Yu and Change Loy, Chen},
  booktitle={Proceedings of the European conference on computer vision (ECCV) workshops},
  pages={0--0},
  year={2018}
}

@inproceedings{wang2003multiscale,
  title={Multiscale structural similarity for image quality assessment},
  author={Wang, Zhou and Simoncelli, Eero P and Bovik, Alan C},
  booktitle={The Thrity-Seventh Asilomar Conference on Signals, Systems \& Computers, 2003},
  volume={2},
  pages={1398--1402},
  year={2003},
  organization={Ieee}
}

@article{wang2004image,
  title={Image quality assessment: from error visibility to structural similarity},
  author={Wang, Zhou and Bovik, Alan C and Sheikh, Hamid R and Simoncelli, Eero P},
  journal={IEEE transactions on image processing},
  volume={13},
  number={4},
  pages={600--612},
  year={2004},
  publisher={IEEE}
}

@article{zhao2016loss,
  title={Loss functions for image restoration with neural networks},
  author={Zhao, Hang and Gallo, Orazio and Frosio, Iuri and Kautz, Jan},
  journal={IEEE Transactions on computational imaging},
  volume={3},
  number={1},
  pages={47--57},
  year={2016},
  publisher={IEEE}
}

@article{bera2019lightweight,
  title={A lightweight convolutional neural network for image denoising with fine details preservation capability},
  author={Bera, Sutanu and Lahiri, Avisek and Biswas, Prabir Kumar},
  journal={arXiv preprint arXiv:1903.09520},
  year={2019}
}

@article{min2023d,
  title={D 2 UNet: Dual Decoder U-Net for Seismic Image Super-Resolution Reconstruction},
  author={Min, Fan and Wang, Linrong and Pan, Shulin and Song, Guojie},
  journal={IEEE Transactions on Geoscience and Remote Sensing},
  year={2023},
  publisher={IEEE}
}

@article{brette2005adaptive,
  title={Adaptive exponential integrate-and-fire model as an effective description of neuronal activity},
  author={Brette, Romain and Gerstner, Wulfram},
  journal={Journal of neurophysiology},
  volume={94},
  number={5},
  pages={3637--3642},
  year={2005},
  publisher={American Physiological Society}
}

@article{russakovsky2015imagenet,
  title={Imagenet large scale visual recognition challenge},
  author={Russakovsky, Olga and Deng, Jia and Su, Hao and Krause, Jonathan and Satheesh, Sanjeev and Ma, Sean and Huang, Zhiheng and Karpathy, Andrej and Khosla, Aditya and Bernstein, Michael and others},
  journal={International journal of computer vision},
  volume={115},
  pages={211--252},
  year={2015},
  publisher={Springer}
}

@article{kingma2014adam,
  title={Adam: A method for stochastic optimization},
  author={Kingma, Diederik P and Ba, Jimmy},
  journal={arXiv preprint arXiv:1412.6980},
  year={2014}
}

@article{loshchilov2016sgdr,
  title={Sgdr: Stochastic gradient descent with warm restarts},
  author={Loshchilov, Ilya and Hutter, Frank},
  journal={arXiv preprint arXiv:1608.03983},
  year={2016}
}

@article{felleman1991distributed,
  title={Distributed hierarchical processing in the primate cerebral cortex.},
  author={Felleman, Daniel J and Van Essen, David C},
  journal={Cerebral cortex (New York, NY: 1991)},
  volume={1},
  number={1},
  pages={1--47},
  year={1991}
}

@article{boussaoud1990pathways,
  title={Pathways for motion analysis: cortical connections of the medial superior temporal and fundus of the superior temporal visual areas in the macaque},
  author={Boussaoud, Driss and Ungerleider, Leslie G and Desimone, Robert},
  journal={Journal of Comparative Neurology},
  volume={296},
  number={3},
  pages={462--495},
  year={1990},
  publisher={Wiley Online Library}
}

@article{boynton1996linear,
  title={Linear systems analysis of functional magnetic resonance imaging in human V1},
  author={Boynton, Geoffrey M and Engel, Stephen A and Glover, Gary H and Heeger, David J},
  journal={Journal of Neuroscience},
  volume={16},
  number={13},
  pages={4207--4221},
  year={1996},
  publisher={Soc Neuroscience}
}

@article{wandell2007visual,
  title={Visual field maps in human cortex},
  author={Wandell, Brian A and Dumoulin, Serge O and Brewer, Alyssa A},
  journal={Neuron},
  volume={56},
  number={2},
  pages={366--383},
  year={2007},
  publisher={Elsevier}
}

@article{marshel2011functional,
  title={Functional specialization of seven mouse visual cortical areas},
  author={Marshel, James H and Garrett, Marina E and Nauhaus, Ian and Callaway, Edward M},
  journal={Neuron},
  volume={72},
  number={6},
  pages={1040--1054},
  year={2011},
  publisher={Elsevier}
}

@article{beltramo2019collicular,
  title={A collicular visual cortex: Neocortical space for an ancient midbrain visual structure},
  author={Beltramo, Riccardo and Scanziani, Massimo},
  journal={Science},
  volume={363},
  number={6422},
  pages={64--69},
  year={2019},
  publisher={American Association for the Advancement of Science}
}

@article{radford2015unsupervised,
  title={Unsupervised representation learning with deep convolutional generative adversarial networks},
  author={Radford, Alec and Metz, Luke and Chintala, Soumith},
  journal={arXiv preprint arXiv:1511.06434},
  year={2015}
}

@inproceedings{xu2018attngan,
  title={Attngan: Fine-grained text to image generation with attentional generative adversarial networks},
  author={Xu, Tao and Zhang, Pengchuan and Huang, Qiuyuan and Zhang, Han and Gan, Zhe and Huang, Xiaolei and He, Xiaodong},
  booktitle={Proceedings of the IEEE conference on computer vision and pattern recognition},
  pages={1316--1324},
  year={2018}
}

@article{goodfellow2020generative,
  title={Generative adversarial networks},
  author={Goodfellow, Ian and Pouget-Abadie, Jean and Mirza, Mehdi and Xu, Bing and Warde-Farley, David and Ozair, Sherjil and Courville, Aaron and Bengio, Yoshua},
  journal={Communications of the ACM},
  volume={63},
  number={11},
  pages={139--144},
  year={2020},
  publisher={ACM New York, NY, USA}
}

@article{kay2008identifying,
  title={Identifying natural images from human brain activity},
  author={Kay, Kendrick N and Naselaris, Thomas and Prenger, Ryan J and Gallant, Jack L},
  journal={Nature},
  volume={452},
  number={7185},
  pages={352--355},
  year={2008},
  publisher={Nature Publishing Group UK London}
}

@misc{goodfellow2014generative,
      title={Generative Adversarial Networks}, 
      author={Ian J. Goodfellow and Jean Pouget-Abadie and Mehdi Mirza and Bing Xu and David Warde-Farley and Sherjil Ozair and Aaron Courville and Yoshua Bengio},
      year={2014},
      eprint={1406.2661},
      archivePrefix={arXiv},
      primaryClass={stat.ML}
}

@misc{ledig2017photorealistic,
      title={Photo-Realistic Single Image Super-Resolution Using a Generative Adversarial Network}, 
      author={Christian Ledig and Lucas Theis and Ferenc Huszar and Jose Caballero and Andrew Cunningham and Alejandro Acosta and Andrew Aitken and Alykhan Tejani and Johannes Totz and Zehan Wang and Wenzhe Shi},
      year={2017},
      eprint={1609.04802},
      archivePrefix={arXiv},
      primaryClass={cs.CV}
}

@misc{wang2018highresolution,
      title={High-Resolution Image Synthesis and Semantic Manipulation with Conditional GANs}, 
      author={Ting-Chun Wang and Ming-Yu Liu and Jun-Yan Zhu and Andrew Tao and Jan Kautz and Bryan Catanzaro},
      year={2018},
      eprint={1711.11585},
      archivePrefix={arXiv},
      primaryClass={cs.CV}
}

@article {Parthasarathy153759,
	author = {Nikhil Parthasarathy and Eleanor Batty and William Falcon and Thomas Rutten and Mohit Rajpal and E.J. Chichilnisky and Liam Paninski},
	title = {Neural Networks for Efficient Bayesian Decoding of Natural Images from Retinal Neurons},
	elocation-id = {153759},
	year = {2018},
	doi = {10.1101/153759},
	publisher = {Cold Spring Harbor Laboratory},
	abstract = {Decoding sensory stimuli from neural signals can be used to reveal how we sense our physical environment, and is valuable for the design of brain-machine interfaces. However, existing linear techniques for neural decoding may not fully reveal or exploit the fidelity of the neural signal. Here we develop a new approximate Bayesian method for decoding natural images from the spiking activity of populations of retinal ganglion cells (RGCs). We sidestep known computational challenges with Bayesian inference by exploiting artificial neural networks developed for computer vision, enabling fast nonlinear decoding that incorporates natural scene statistics implicitly. We use a decoder architecture that first linearly reconstructs an image from RGC spikes, then applies a convolutional autoencoder to enhance the image. The resulting decoder, trained on natural images and simulated neural responses, significantly outperforms linear decoding, as well as simple point-wise nonlinear decoding. These results provide a tool for the assessment and optimization of retinal prosthesis technologies, and reveal that the retina may provide a more accurate representation of the visual scene than previously appreciated.},
	URL = {https://www.biorxiv.org/content/early/2018/05/28/153759},
	eprint = {https://www.biorxiv.org/content/early/2018/05/28/153759.full.pdf},
	journal = {bioRxiv}
}

@article{Li_2018, doi = {10.1209/0295-5075/121/10003}, url = {https://doi.org/10.1209\%2F0295-5075\%2F121\%2F10003}, year = 2018, month = {jan}, publisher = {{IOP} Publishing}, volume = {121}, number = {1}, pages = {10003}, author = {Huiyan Li and Xiaojuan Sun and Jinghua Xiao}, title = {Degree of synchronization modulated by inhibitory neurons in clustered excitatory-inhibitory recurrent networks}, journal = {{EPL} (Europhysics Letters)} }


@article{Wilmes_2019, doi = {10.1038/s41467-019-12972-2}, url = {https://doi.org/10.1038\%2Fs41467-019-12972-2}, year = 2019, month = {nov}, publisher = {Springer Science and Business Media {LLC}}, volume = {10}, number = {1}, author = {Katharina Anna Wilmes and Claudia Clopath}, title = {Inhibitory microcircuits for top-down plasticity of sensory representations}, journal = {Nature Communications} }


